@manual{bitcoin,
   title = "Bitcoin: A Peer-to-Peer Electronic Cash System",
   author = "Satoshi Nakamoto",
   url = "www.bitcoin.org",
   howpublished = "PDF File"
   address = "satoshin@gmx.com"

@inbook{kuroseross,
   author = "Kurose, James F. and Ross, Keith W.",
   booktitle = "Reti di Calcolatori: Un approccio Top-Down",
   chapter = "2",
   publisher = "Pearson",
   year = "2006",
   edition = "Sixth"
   address = "",
   editor = "",
   pages = "176,183"}
   
@inbook{distributedcomputing,
   author = "Kshemkalyani, Ajay D. and Singhal, Mukesh",
   institution = "University of Chicago, University of Kentuchy",
   booktitle = "Distributed Computing: Principles, Algorithms, and Systems",
   publisher = "Cambridge University Press",
   address = "The Edinburgh Building, Cambridge CB2 8RU, UK",
   chapter = "18",
   edition = "First",
   eprint = "ISBN-13 978-0-511-39341-9",
   year = "2008"}
   
@inbook{coreconceptsp2p2,
   author = "Schoeder, Detlef and Fischbach, Kai and Schmitt, Christian",
   booktitle = "Core Concepts in Peer-to-Peer Networking",
   year = "2005",
   institution = "University of Cologne",
   publisher = "Idead Group Inc.",
   chapter = "1"}
   
@techreport{vulnerabilities,
   author = "Engle, Marling and Khan, Javed I.",
   title = "Vulnerabilities of P2P Systems and a Critical Look at their Solution",
   institution = "Kent State University",
   address = "Networking and Media Communications Research Laboratories, Department of Computer Science, 233 MSB, Kent, OH 44242",
   year = "2006",
   month = "November",
   url = "http://medianet.kent.edu/technicalreports.html"}